@article {Gabard11,
	author = {Gabard, G. and Gamallo, P. and Huttunen, T.},
	title = {A comparison of wave-based discontinuous Galerkin, ultra-weak and least-square methods for wave problems},
	journal = {International Journal for Numerical Methods in Engineering},
	volume = {85},
	number = {3},
	pages = {380--402},
	year = {2011},
}

@article {Gabard15,
	author = {Gabard, G. and Dazel O.},
	title = {A Discontinuous galerkin Method with Plane Waves for Sound Absorbing Material},
	% journal = {International Journal for Numerical Methods in Engineering},
	% volume = {85},
	% number = {3},
	% pages = {380--402},
	year = {2015},
}


