@article {Gabard11,
	author = {Gabard, G. and Gamallo, P. and Huttunen, T.},
	title = {A comparison of wave-based discontinuous Galerkin, ultra-weak and least-square methods for wave problems},
	journal = {International Journal for Numerical Methods in Engineering},
	volume = {85},
	number = {3},
	pages = {380--402},
	year = {2011},
}

@article {Gabard15,
	author = {Gabard, G. and Dazel O.},
	title = {A Discontinuous galerkin Method with Plane Waves for Sound Absorbing Material},
	journal = {International Journal for Numerical Methods in Engineering},
	volume = {{À} paraître},
	year = {2015},
}

@misc{WPSplines,
	author = {Wikipedia},
	title = {Cubic Hermite Spline},
	howpublished = {\url{https://en.wikipedia.org/wiki/Cubic Hermite spline}},
	urldate = {2015-04-30}
}

@article{ipython,
  Author    = {P\'erez, Fernando and Granger, Brian E.},
  Title     = {{IP}ython: a System for Interactive Scientific Computing},
  Journal   = {Computing in Science and Engineering},
  Volume    = {9},
  Number    = {3},
  Pages     = {21--29},
  month     = may,
  year      = 2007,
  url       = "http://ipython.org",
  ISSN      = "1521-9615",
  doi       = {10.1109/MCSE.2007.53},
  publisher = {IEEE Computer Society},
}


@misc{octave,
	author = {{Octave community}},
	keywords = {Octave,Software},
	title = {{GNU Octave 3.8.2}},
	url = {www.gnu.org/software/octave/},
	year = {2015}
}
